<record xmlns="http://www.loc.gov/MARC21/slim" xmlns:xsi="http://www.w3.org/2001/XMLSchema-instance" xsi:schemaLocation="http://www.loc.gov/MARC21/slim http://www.loc.gov/standards/marcxml/schema/MARC21slim.xsd"><leader>     nam a22        4500</leader><controlfield tag="001">3076938</controlfield><controlfield tag="003">NNC</controlfield><controlfield tag="006">m        d        </controlfield><controlfield tag="007">cr cn |||m|||a</controlfield><controlfield tag="008">150313s1946    ua      o     000 0 ara d</controlfield><datafield ind1=" " ind2=" " tag="040"><subfield code="a">NNU</subfield><subfield code="b">eng</subfield><subfield code="c">NNU</subfield></datafield><datafield ind1="1" ind2=" " tag="041"><subfield code="a">ara</subfield><subfield code="h">und</subfield></datafield><datafield ind1="1" ind2=" " tag="100"><subfield code="a">Gide, Andre&#769;,</subfield><subfield code="d">1869-1951.</subfield></datafield><datafield ind1="1" ind2="0" tag="240"><subfield code="a">Oedipe.</subfield><subfield code="l">Arabic</subfield></datafield><datafield ind1="1" ind2="0" tag="245"><subfield code="a">U&#772;di&#772;b, Thi&#772;syu&#772;s</subfield><subfield code="h">[electronic resource].</subfield></datafield><datafield ind1=" " ind2=" " tag="260"><subfield code="a">al-Qa&#772;hirah,</subfield><subfield code="b">Da&#772;r al-Ka&#772;tib al-Mis&#803;ri</subfield><subfield code="c">[1946]</subfield></datafield><datafield ind1=" " ind2=" " tag="300"><subfield code="a">online resource (310 p.)</subfield></datafield><datafield ind1=" " ind2=" " tag="500"><subfield code="a">Translation and introduction by T&#803;a&#772;ha&#772; H&#803;usayn.</subfield></datafield><datafield ind1=" " ind2=" " tag="500"><subfield code="a">Part of the Arabic Collections Online (ACO) project, contributed by Columbia University Libraries.</subfield></datafield><datafield ind1=" " ind2=" " tag="533"><subfield code="a">Electronic reproduction.</subfield><subfield code="b">New York, N.Y. :</subfield><subfield code="c">New York University,</subfield><subfield code="d">2015.</subfield><subfield code="5">NNU</subfield></datafield><datafield ind1="1" ind2=" " tag="700"><subfield code="a">H&#803;usayn, T&#803;a&#772;ha&#772;,</subfield><subfield code="d">1889-1973.</subfield></datafield><datafield ind1="2" ind2=" " tag="710"><subfield code="a">Columbia University.</subfield><subfield code="b">Libraries.</subfield></datafield><datafield ind1="0" ind2=" " tag="730"><subfield code="a">Arabic Collections Online.</subfield></datafield><datafield ind1="0" ind2="8" tag="776"><subfield code="i">Print version:</subfield><subfield code="a">Gide, Andre&#769;, 1869-1951.</subfield><subfield code="t">U&#772;di&#772;b, Thi&#772;syu&#772;s</subfield><subfield code="w">(NNC)3076938</subfield><subfield code="w">(OCoLC)82805117</subfield></datafield><datafield ind1="4" ind2="0" tag="856"><subfield code="u">http://hdl.handle.net/2333.1/gf1vhm07</subfield></datafield><datafield ind1=" " ind2=" " tag="959"><subfield code="a">NNU</subfield><subfield code="b">WEB</subfield><subfield code="c">GENI</subfield><subfield code="t">0</subfield><subfield code="m">Electronic access</subfield><subfield code="s">01</subfield></datafield><datafield ind1=" " ind2=" " tag="999"><subfield code="i">NNC_3076938</subfield><subfield code="o">(OCoLC)ocm82805117 </subfield><subfield code="s">columbia_aco000559</subfield><subfield code="e">(ERROR-880)</subfield></datafield></record>